<?xml version="1.0" encoding="UTF-8"?><collection xmlns="http://www.loc.gov/MARC21/slim"><record><leader>00356nam--2200133-i-4500</leader><controlfield tag="001">000017114</controlfield><controlfield tag="002">20161230</controlfield><controlfield tag="005">20161230201032</controlfield><controlfield tag="008">060222s1000------------r-----000-0-eng-d</controlfield><datafield ind1=" " ind2=" " tag="080"><subfield code="a">061.62(430):001.891:62</subfield></datafield><datafield ind1=" " ind2=" " tag="245"><subfield code="a">Tum-technische universitat munchen. jahrbuch 1992</subfield></datafield><datafield ind1=" " ind2=" " tag="260"><subfield code="a">Munchen, Universitat, 1993. 616 P</subfield></datafield><datafield ind1=" " ind2=" " tag="490"><subfield code="a">Annual Report</subfield></datafield><datafield ind1=" " ind2=" " tag="852"><subfield code="a">79055</subfield></datafield></record></collection>